@online{aosp,
    title = "Android Developers",
    url = {http://source.android.com/},
    urldate = {2014-1-19}
}

@online{CM,
    title = "CyanogenMod | Android Community Operating System",
    url = {http://www.cyanogenmod.org/},
    urldate = {2014-1-19}
}

@online{utouch,
    title = "Ubuntu on phones | Ubuntu",
    url = {http://www.ubuntu.com/phone},
    urldate = {2014-1-21}
}

@online{firefoxos,
    title = "Firefox OS — přizpůsobitelný telefon — skvělé funkce, aplikace a nejen to — Mozilla",
    url = {http://www.mozilla.org/cs/firefox/os/},
    urldate = {2014-1-21}
}

@online{twrp,
    title = "TeamWin Projects - TWRP 2.7 -  | TeamWin",
    url = {http://teamw.in/project/twrp2},
    urldate = {2014-2-12}
}

@online{kexec-hardboot-orig,
    title = "[PATCHES] Kexec syscall support, boots kernels from SD or USB (11/6/11, GB support) - xda-developers",
    url = {http://forum.xda-developers.com/showthread.php?t=1266827},
    urldate = {2014-3-1}
}

@online{xperia-boot-menu,
    title = "Xperia Boot Menu v1.0 - xda-developers",
    url = {http://forum.xda-developers.com/xperia-u/u-development/xperia-boot-menu-v1-0-t2418241},
    urldate = {2014-3-1}
}

@online{modaco-switch,
    title = "Beta 13: MoDaCo.SWITCH HTC One support topic - HTC One (M7) - MoDaCo",
    url = {http://www.modaco.com/topic/363797-beta-13-modacoswitch-htc-one-support-topic/},
    urldate = {2014-3-1}
}

@online{indiegogo,
    title = "Indiegogo: An International Crowdfunding Platform to Raise Money",
    url = {http://www.indiegogo.com/},
    urldate = {2014-3-1}
}

@online{indiegogo-multirom,
    title = "MultiROM for Nexus 7 2013 | Indiegogo",
    url = {http://www.indiegogo.com/projects/multirom-for-nexus-7-2013},
    urldate = {2014-3-1}
}

@online{addictivetips,
    title = "MultiROM: Dual-Boot Android, Ubuntu Touch Or Firefox OS On Nexus 4, 7",
    url = {http://www.addictivetips.com/ubuntu-linux-tips/dual-boot-android-ubuntu-touch-or-firefox-os-on-nexus-4-7-with-multirom/},
    urldate = {2014-3-2}
}

@online{linuxjournal,
    title = "Multi-Booting the Nexus 7 Tablet | Linux Journal",
    url = {http://www.linuxjournal.com/content/multi-booting-nexus-7-tablet},
    urldate = {2014-3-2}
}

@online{xda-multirom,
    title = "
 Get More, Much More From Your Nexus 7 with MultiBoot  &#8211;   xda-developers",
    url = {http://www.xda-developers.com/android/get-more-much-more-from-your-nexus-7-with-multiboot/},
    urldate = {2014-3-2}
}

@online{androidmagazine,
    title = "Switch between multiple Nexus 7 ROMs with MultiROM | Little Green Robot",
    url = {http://www.littlegreenrobot.co.uk/tutorials/switch-between-multiple-nexus-7-roms-with-multirom/},
    urldate = {2014-3-2}
}

@online{ctmagazine,
    title = "c't - Inhalt 21/2013 - Seite 152",
    url = {http://www.heise.de/ct/inhalt/2013/21/152/},
    urldate = {2014-3-2}
}

@online{firefoxosguide,
    title = "MultiROM: Boot Android along with Ubuntu Touch, Firefox OS on Nexus | Firefox OS Guide",
    url = {http://firefoxosguide.com/firefox-os/multirom-boot-android-along-ubuntu-touch-firefox-os-nexus.html/},
    urldate = {2014-3-2}
}

@online{liliputing,
    title = "Load multiple operating systems on the Nexus 7 with MultiROM - Liliputing",
    url = {http://liliputing.com/2012/12/load-multiple-operating-systems-on-the-nexus-7-with-multirom.html},
    urldate = {2014-3-2}
}

@online{redmondpie,
    title = "Dual-Boot Multiple ROMs On Nexus 7 2013 And Nexus 4 With Updated MultiROM Manager | Redmond Pie",
    url = {http://www.redmondpie.com/dual-boot-multiple-roms-on-nexus-7-2013-and-nexus-4-with-updated-multirom-manager/},
    urldate = {2014-3-2}
}

@online{appslab,
    title = "MultiROM: Must-Have for Nexus 7 Tinkering | The AppsLab",
    url = {http://theappslab.com/2013/04/16/multirom-must-have-for-nexus-7-tinkering/},
    urldate = {2014-3-2}
}

@online{tasemnice-si-mail,
    title = "Custom system-image server for Nexus 5 : Mailing list archive : ubuntu-phone team in Launchpad",
    url = {https://lists.launchpad.net/ubuntu-phone/msg06721.html},
    urldate = {2014-3-5}
}

